<record><leader>00000cas a2200000 a 4500</leader><controlfield tag="001">247549802</controlfield><controlfield tag="007">hd bfu   baat</controlfield><controlfield tag="007">hd bfu   bact</controlfield><controlfield tag="008">080910d18971899nbuwr nea     0    0eng c</controlfield><datafield ind1=" " ind2=" " tag="010"><subfield code="a">  2008269503</subfield></datafield><datafield ind1=" " ind2=" " tag="040"><subfield code="a">LDL</subfield><subfield code="b">eng</subfield><subfield code="c">LDL</subfield><subfield code="d">OCLCQ</subfield><subfield code="d">OCLCF</subfield><subfield code="d">OCLCO</subfield></datafield><datafield ind1=" " ind2=" " tag="042"><subfield code="a">pcc</subfield></datafield><datafield ind1=" " ind2=" " tag="043"><subfield code="a">n-us-nb</subfield></datafield><datafield ind1="0" ind2=" " tag="130"><subfield code="a">Atkinson plain dealer (Atkinson, Neb. : 1897)</subfield></datafield><datafield ind1="1" ind2="4" tag="245"><subfield code="a">The Atkinson plain dealer</subfield><subfield code="h">[microform].</subfield></datafield><datafield ind1="1" ind2="3" tag="246"><subfield code="a">Atkinson plain dealer and graphic--consolidated</subfield></datafield><datafield ind1=" " ind2=" " tag="260"><subfield code="a">Atkinson, Neb. :</subfield><subfield code="b">Edwin S. Eves,</subfield><subfield code="c">1897-1899.</subfield></datafield><datafield ind1=" " ind2=" " tag="300"><subfield code="a">v.</subfield></datafield><datafield ind1=" " ind2=" " tag="310"><subfield code="a">Weekly</subfield></datafield><datafield ind1="0" ind2=" " tag="362"><subfield code="a">Vol. 16, no. 18 (Dec. 15, 1897)-v. 16, no. 47 (Feb. 9, 1899).</subfield></datafield><datafield ind1=" " ind2=" " tag="515"><subfield code="a">&lt;July 14, 1898&gt;- called &lt;Vol. 16, no. 17&gt;-</subfield></datafield><datafield ind1=" " ind2=" " tag="533"><subfield code="a">Microfilm.</subfield><subfield code="m">Dec. 22, 1897.</subfield><subfield code="b">Lincoln, Neb. :</subfield><subfield code="c">Nebraska State Historical Society,</subfield><subfield code="d">1999.</subfield><subfield code="e">1 microfilm reels ; 35 mm.</subfield></datafield><datafield ind1=" " ind2="0" tag="651"><subfield code="a">Atkinson (Neb.)</subfield><subfield code="v">Newspapers.</subfield></datafield><datafield ind1=" " ind2="0" tag="651"><subfield code="a">Holt County (Neb.)</subfield><subfield code="v">Newspapers.</subfield></datafield><datafield ind1=" " ind2="7" tag="655"><subfield code="a">Newspapers.</subfield><subfield code="2">fast</subfield><subfield code="0">(OCoLC)fst01423814</subfield></datafield><datafield ind1=" " ind2="7" tag="651"><subfield code="a">Nebraska</subfield><subfield code="z">Atkinson.</subfield><subfield code="2">fast</subfield><subfield code="0">(OCoLC)fst01275949</subfield></datafield><datafield ind1=" " ind2="7" tag="651"><subfield code="a">Nebraska</subfield><subfield code="z">Holt County.</subfield><subfield code="2">fast</subfield><subfield code="0">(OCoLC)fst01211913</subfield></datafield><datafield ind1=" " ind2=" " tag="752"><subfield code="a">United States</subfield><subfield code="b">Nebraska</subfield><subfield code="c">Holt</subfield><subfield code="d">Atkinson.</subfield></datafield><datafield ind1="0" ind2="0" tag="780"><subfield code="t">Atkinson plain dealer and graphic--consolidated</subfield><subfield code="w">(DLC)  2008269500</subfield><subfield code="w">(OCoLC)244096566</subfield></datafield><datafield ind1="0" ind2="0" tag="785"><subfield code="t">Atkinson plain dealer and graphic--consolidated (Atkinson, Neb. : 1899)</subfield><subfield code="w">(DLC)  2008269501</subfield><subfield code="w">(OCoLC)244096684</subfield></datafield></record>